@Manual{CiteR,
  title = {R: A Language and Environment for Statistical Computing},
  author = {{R Core Team}},
  organization = {R Foundation for Statistical Computing},
  address = {Vienna, Austria},
  year = {2018},
  url = {https://www.R-project.org/},
  note = {Version 3.5.0}, 
}
@Manual{R-dplyr,
  title = {dplyr: A Grammar of Data Manipulation},
  author = {Hadley Wickham and Romain François and Lionel Henry and Kirill Müller},
  year = {2018},
  note = {R package version 0.7.5},
  url = {https://CRAN.R-project.org/package=dplyr},
}
@Manual{R-ggplot2,
  title = {ggplot2: Create Elegant Data Visualisations Using the Grammar of Graphics},
  author = {Hadley Wickham and Winston Chang and Lionel Henry and Thomas Lin Pedersen and Kohske Takahashi and Claus Wilke and Kara Woo},
  note = {http://ggplot2.tidyverse.org, https://github.com/tidyverse/ggplot2},
  year = {2016},
}
@Manual{R-knitr,
  title = {knitr: A General-Purpose Package for Dynamic Report Generation in R},
  author = {Yihui Xie},
  year = {2018},
  note = {R package version 1.20},
  url = {https://CRAN.R-project.org/package=knitr},
}
@Manual{R-magrittr,
  title = {magrittr: A Forward-Pipe Operator for R},
  author = {Stefan Milton Bache and Hadley Wickham},
  year = {2014},
  note = {R package version 1.5},
  url = {https://CRAN.R-project.org/package=magrittr},
}
@Manual{R-mvtnorm,
  title = {mvtnorm: Multivariate Normal and t Distributions},
  author = {Alan Genz and Frank Bretz and Tetsuhisa Miwa and Xuefei Mi and Torsten Hothorn},
  year = {2018},
  note = {R package version 1.0-8},
  url = {https://CRAN.R-project.org/package=mvtnorm},
}
@Manual{R-PracTools,
  title = {PracTools: Tools for Designing and Weighting Survey Samples},
  author = {Richard Valliant and Jill A. Dever and Frauke Kreuter},
  year = {2018},
  note = {R package version 0.8},
  url = {https://CRAN.R-project.org/package=PracTools},
}
@Manual{R-repmis,
  title = {repmis: Miscellaneous Tools for Reproducible Research},
  author = {Christopher Gandrud},
  year = {2016},
  note = {R package version 0.5},
  url = {https://CRAN.R-project.org/package=repmis},
}
@Manual{R-reshape2,
  title = {reshape2: Flexibly Reshape Data: A Reboot of the Reshape Package},
  author = {Hadley Wickham},
  year = {2017},
  note = {R package version 1.4.3},
  url = {https://CRAN.R-project.org/package=reshape2},
}
@Manual{R-sampling,
  title = {sampling: Survey Sampling},
  author = {Yves Tillé and Alina Matei},
  year = {2016},
  note = {R package version 2.8},
  url = {https://CRAN.R-project.org/package=sampling},
}
@Manual{R-survey,
  title = {survey: Analysis of Complex Survey Samples},
  author = {Thomas Lumley},
  year = {2018},
  note = {R package version 3.33-2},
  url = {https://CRAN.R-project.org/package=survey},
}
@Manual{R-tables,
  title = {tables: Formula-Driven Table Generation},
  author = {Duncan Murdoch},
  year = {2018},
  note = {R package version 0.8.4},
  url = {https://CRAN.R-project.org/package=tables},
}
@Manual{R-xtable,
  title = {xtable: Export Tables to LaTeX or HTML},
  author = {David B. Dahl},
  year = {2016},
  note = {R package version 1.8-2},
  url = {https://CRAN.R-project.org/package=xtable},
}
